@MastersThesis{isom,
author = {Thomas Bärecke},
title = {Isomorphisme Inexact de Graphes par Optimisation Évolutionnaire},
school = {Université Pierre et Marie Curie - Paris VI},
year = {2009},
note = {tel-00494519},
type = {Informatique[cs]}
}

@MastersThesis{mait,
author = {Ahmed Ben Salah},
title = {Maîtrise de la qualité des transcriptions numériques dans les projets de numérisation de masse},
school = {Université de Rouen},
year = {2014},
note = {tel-01164698},
type = {Traitement des images [eess.IV]}
}

@MastersThesis{extr,
author = {Mahmoud Soua},
title = {Extraction hybride et description structurelle de caractères pour une reconnaissance efficace de texte dans les documents hétérogènes scannés: Méthodes et Algorithmes parallèles},
school = {Université Paris-Est},
year = {2016},
note = {tel-01548457},
type = {Informatique et langage [cs.CL]}
}

@MastersThesis{handrec,
author = {Wassim Swaileh},
title = {Language Modelling for Handwriting Recognition},
school = {Normandie Université},
year = {2017},
note = {tel-01781268},
type = {Modeling and Simulation}
}

@MastersThesis{chanson,
author = {Jean-Baptiste Camps},
title = {La Chanson d’Otinel  : édition complète du corpus manuscrit et prolégomènes à l’édition critique},
school = {Université Paris-Sorbonne - Paris IV},
year = {2016},
note = {tel-01664932},
type = {Littératures}
}

@MastersThesis{cnn,
author = {Clément Peyrard},
title = {Single image super-resolution based on neural networks for text and face recognition},
school = {Université de Lyon},
year = {2017},
note = {tel-01974040},
type = {Image Processing [eess.IV]}
}

@MastersThesis{ind-post,
author = {Szilárd Vajda},
title = {Cursive Bengali Script Recognition for Indian Postal Automation},
school = {Université Henri Poincaré - Nancy 1},
year = {2008},
note = {tel-01748429v2},
type = {Engineering Sciences [physics]}
}

@MastersThesis{arab-video,
author = {Sonia Yousfi},
title = {Embedded Arabic text detection and recognition in video},
school = {Université de Lyon},
year = {2016},
note = {tel-01406716v2},
type = {Document and Text Processing}
}

@MastersThesis{proba,
author = {Laurent Boyer},
title = {Apprentissage probabiliste de similarités d’édition},
school = {Université Jean Monnet - Saint-Etienne},
year = {2011},
note = {tel-00718835},
type = {Autre [cs.OH]}
}

@MastersThesis{line-seg,
author = {Nazih Ouwayed},
title = {Segmentation en lignes de documents anciens : applications aux documents arabes},
school = {Université Nancy 2},
year = {2010},
note = {tel-01752983},
type = {Autre [cs.OH]}
}